@book{lavagno2003uml,
  title={UML for Real},
  author={Lavagno, Luciano and Martin, Grant and Selic, Bran},
  year={2003},
  publisher={Springer}
}